@article{STATSCAN:1,
    author = {Chawla, Raj K. and Uppal, Sharanjit},
	title = {Household debt in Canada},
    journal = {Perspectives on Labour and Income.},
    year = 2012,
    month = 6,
    number = 2,
    volume = 24,
	note = {\small{\url{http://www.statcan.gc.ca/pub/75-001-x/2012002/article/11636-eng.htm}}},
},
